@article{Hoffman-Gelman:2011,
    Author = {Matthew D. Hoffman and Andrew Gelman},
    Title = {The No-{U}-Turn Sampler: Adaptively Setting Path 
             Lengths in {H}amiltonian {M}onte {C}arlo},
    Journal = {arXiv},
    Volume = {1111},
    Number = {4246},
    Version = {1},
    url = {http://arxiv.org/abs/1111.4246},
    Year = {2011}
}